@article{Schlueter2018,
author ="Schlueter, Steffen and Genieser, Ronny and Richards, Daniel and Hoster, Harry E. and Mercer, Michael P.",
title  ="Quantifying structure dependent responses in Li-ion cells with excess Li spinel cathodes: matching voltage and entropy profiles through mean field models",
journal  ="Phys. Chem. Chem. Phys.",
year  ="2018",
volume  ="20",
issue  ="33",
pages  ="21417-21429",
publisher  ="The Royal Society of Chemistry",
doi  ="10.1039/C8CP02989J",
url  ="http://dx.doi.org/10.1039/C8CP02989J",
}